<?xml version="1.0" encoding="UTF-8"?><collection xmlns="http://www.loc.gov/MARC21/slim"><record><leader>00393nam--2200133-i-4500</leader><controlfield tag="001">000017687</controlfield><controlfield tag="002">20161230</controlfield><controlfield tag="005">20161230201032</controlfield><controlfield tag="008">060222s1000------------r-----000-0-eng-d</controlfield><datafield ind1=" " ind2=" " tag="080"><subfield code="a">539.171.017</subfield></datafield><datafield ind1=" " ind2=" " tag="100"><subfield code="a">Boca, I</subfield></datafield><datafield ind1=" " ind2=" " tag="245"><subfield code="a">Explicit expressions for the inelastic scatte ring cross section in the strong absorbtion model. p.1.l=0-5</subfield></datafield><datafield ind1=" " ind2=" " tag="260"><subfield code="a">Bucurestil, I.F.A., 1973. 29 P</subfield></datafield><datafield ind1=" " ind2=" " tag="852"><subfield code="a">38783</subfield></datafield></record></collection>